
@article{hopkins2000,
	title = {Measures of {Reliability} in {Sports} {Medicine} and {Science}:},
	volume = {30},
	issn = {0112-1642},
	shorttitle = {Measures of {Reliability} in {Sports} {Medicine} and {Science}},
	url = {http://link.springer.com/10.2165/00007256-200030010-00001},
	doi = {10.2165/00007256-200030010-00001},
	language = {en},
	number = {1},
	urldate = {2023-10-17},
	journal = {Sports Medicine},
	author = {Hopkins, Will G.},
	year = {2000},
	pages = {1--15},
	file = {Fulltekst:files/164/Hopkins - 2000 - Measures of Reliability in Sports Medicine and Sci.pdf:application/pdf},
}

@article{halperin2015,
  title         = {
    Threats to Internal Validity in Exercise Science: A Review of Overlooked
    Confounding Variables
  },
  author        = {Israel Halperin, David B. Pyne, and David T. Martin},
  year          = {2015},
  journal       = {International Journal of Sports Physiology and Performance},
  volume        = {10},
  number        = {7},
  pages         = {823--829}
}

@book{borg1998,
	title = {Borg's perceived exertion and pain scales.},
	author = {Borg, Gunnar},
	year = {1998},
	date = {1998},
	publisher = {Human Kinetics},
	series = {Borg's perceived exertion and pain scales.},
	note = {Pages: viii, 104},
	address = {Champaign,  IL,  US}
}

@article{gottshall1996,
	title = {Cycling Cadence Alters Exercise Hemodynamics},
	author = {Gottshall, R. and Bauer, T. and Fahrner, S.},
	year = {1996},
	month = {01},
	date = {1996-01},
	journal = {International Journal of Sports Medicine},
	pages = {17--21},
	volume = {17},
	number = {01},
	doi = {10.1055/s-2007-972802},
	url = {http://www.thieme-connect.de/DOI/DOI?10.1055/s-2007-972802},
	langid = {en}
}
